<?xml version="1.0" encoding="UTF-8"?><record xmlns="http://www.loc.gov/MARC21/slim" xmlns:cinclude="http://apache.org/cocoon/include/1.0" xmlns:zs="http://www.loc.gov/zing/srw/">
  <leader>00698nz  a2200145n  4500</leader>
  <controlfield tag="001">no2014151029</controlfield>
  <controlfield tag="003">DLC</controlfield>
  <controlfield tag="005">20141115073538.0</controlfield>
  <controlfield tag="008">141114n| azannaabn          |n aaa     c</controlfield>
  <datafield tag="010" ind1=" " ind2=" ">
    <subfield code="a">no2014151029</subfield>
  </datafield>
  <datafield tag="035" ind1=" " ind2=" ">
    <subfield code="a">(OCoLC)oca10015275</subfield>
  </datafield>
  <datafield tag="040" ind1=" " ind2=" ">
    <subfield code="a">InU</subfield>
    <subfield code="b">eng</subfield>
    <subfield code="e">rda</subfield>
    <subfield code="c">InU</subfield>
  </datafield>
  <datafield tag="046" ind1=" " ind2=" ">
    <subfield code="f">19630603</subfield>
  </datafield>
  <datafield tag="100" ind1="1" ind2=" ">
    <subfield code="a">Despain, Scott,</subfield>
    <subfield code="d">1963-</subfield>
  </datafield>
  <datafield tag="670" ind1=" " ind2=" ">
    <subfield code="a">Despain, Scott. The effects of two delivery systems for listening comprehension exercises on the language performance and attitude of beginning Spanish students, 1997:</subfield>
    <subfield code="b">title page (Scott Despain; Ph.D., Department of Spanish and Portuguese, Indiana University, 1997) vita, page 1 (born June 3, 1963; Laramie, Wyoming; B.S., Agriculture Education, University of Wyoming)</subfield>
  </datafield>
</record>